@misc{subsquid-rewards,
  author    = {Subsquid Labs},
  title     = {Subsquid Network Whitepaper},
  url       = {https://docs.subsquid.io/subsquid-network/whitepaper/#reward-rate}
}

@misc{tokenomics,
  author    = {Subsquid Labs},
  title     = {Subsquid Network Tokenomics},
  url       = {https://docs.subsquid.io/subsquid-network/tokenomics/}
}



